<record><leader>00000cas a2200000 a 4500</leader><controlfield tag="001">12210597</controlfield><controlfield tag="008">850628d18941894ksuwr ne      0    0eng d</controlfield><datafield ind1=" " ind2=" " tag="010"><subfield code="a">sn 85031500 </subfield></datafield><datafield ind1=" " ind2=" " tag="040"><subfield code="a">KSH</subfield><subfield code="b">eng</subfield><subfield code="c">KSH</subfield><subfield code="d">NPT</subfield><subfield code="d">OCL</subfield><subfield code="d">OCLCQ</subfield></datafield><datafield ind1=" " ind2=" " tag="042"><subfield code="a">msc</subfield></datafield><datafield ind1="0" ind2="4" tag="245"><subfield code="a">The Union blade.</subfield></datafield><datafield ind1=" " ind2=" " tag="260"><subfield code="a">Oswego, Kan. :</subfield><subfield code="b">Capt. G.A. Nicholetts,</subfield><subfield code="c">1894-</subfield></datafield><datafield ind1=" " ind2=" " tag="300"><subfield code="a">v. :</subfield><subfield code="b">ill. ;</subfield><subfield code="c">60 cm.</subfield></datafield><datafield ind1=" " ind2=" " tag="310"><subfield code="a">Weekly</subfield></datafield><datafield ind1="0" ind2=" " tag="362"><subfield code="a">Vol. 1, no. 1 (Jan. 27, 1894)-</subfield></datafield><datafield ind1="1" ind2=" " tag="362"><subfield code="a">Ceased in 1894.</subfield></datafield><datafield ind1=" " ind2=" " tag="500"><subfield code="a">"Republican."</subfield></datafield><datafield ind1=" " ind2=" " tag="580"><subfield code="a">Merged with: Oswego news (non-extant) to form: Oswego news-blade.</subfield></datafield><datafield ind1=" " ind2=" " tag="752"><subfield code="a">United States</subfield><subfield code="b">Kansas</subfield><subfield code="c">Labette</subfield><subfield code="d">Oswego.</subfield></datafield><datafield ind1="1" ind2="7" tag="785"><subfield code="t">Oswego news</subfield></datafield><datafield ind1="1" ind2="7" tag="785"><subfield code="t">Oswego news-blade</subfield><subfield code="w">(DLC)sn 85031501</subfield></datafield></record>